@INPROCEEDINGS{my-paper,

  author={Y. {Liu} and F. {Ke} and H. {Song}},

  booktitle={2020 IEEE Wireless Communications and Networking Conference Workshops (WCNCW)}, 

  title={Preference-Aware Utility Optimization for Cache-Aided Ultra-Dense Relay Networks: A Matching Perspective}, 

  year={2020},

  volume={},

  number={},

  pages={1-7},}
